<record><leader>00000cas a22000007a 4500</leader><controlfield tag="001">14219689</controlfield><controlfield tag="008">860915d1832183upauwr ne      0    0ger d</controlfield><datafield ind1=" " ind2=" " tag="010"><subfield code="a">sn 86053707 </subfield></datafield><datafield ind1=" " ind2=" " tag="040"><subfield code="a">NPX</subfield><subfield code="b">eng</subfield><subfield code="c">NPX</subfield><subfield code="d">NPH</subfield><subfield code="d">OCL</subfield><subfield code="d">OCLCQ</subfield><subfield code="d">OCLCF</subfield><subfield code="d">OCLCO</subfield></datafield><datafield ind1=" " ind2=" " tag="042"><subfield code="a">msc</subfield></datafield><datafield ind1=" " ind2=" " tag="043"><subfield code="a">n-us-pa</subfield></datafield><datafield ind1="0" ind2="4" tag="245"><subfield code="a">Der Vaterlands Waechter und Dauphin und Libanon Demokrat.</subfield></datafield><datafield ind1="1" ind2="3" tag="246"><subfield code="a">Libanon Caunty Advertiser</subfield></datafield><datafield ind1="1" ind2="7" tag="246"><subfield code="a">Vaterlands Wa&#776;chter</subfield></datafield><datafield ind1="1" ind2="7" tag="246"><subfield code="a">Libanon Caunty Demokrat</subfield></datafield><datafield ind1="1" ind2="7" tag="246"><subfield code="a">Libanon und Dauphin Caunties Anzeiger</subfield></datafield><datafield ind1="1" ind2="7" tag="246"><subfield code="a">Wachter</subfield></datafield><datafield ind1="1" ind2="7" tag="246"><subfield code="a">Demokrat</subfield></datafield><datafield ind1=" " ind2=" " tag="260"><subfield code="a">Libanon, Pa. :</subfield><subfield code="b">Joseph Miller</subfield></datafield><datafield ind1=" " ind2=" " tag="300"><subfield code="a">v.</subfield></datafield><datafield ind1=" " ind2=" " tag="310"><subfield code="a">Weekly</subfield></datafield><datafield ind1="1" ind2=" " tag="362"><subfield code="a">Began in 1832?</subfield><subfield code="z">Cf. Arndt &amp; Olson. German lang. press.</subfield></datafield><datafield ind1=" " ind2=" " tag="500"><subfield code="a">Published simultaneously at Harrisburg, Pa.</subfield></datafield><datafield ind1=" " ind2=" " tag="515"><subfield code="a">Issues for &lt;Feb. 8, 1833&gt; called also &lt;Harrisburg Bd. 2, nr. 22&gt;.</subfield></datafield><datafield ind1=" " ind2=" " tag="580"><subfield code="a">Continued by: Vaterlands Wa&#776;chter und Gegen-Freymaurer Demokrat. Cf. Arndt &amp; Olson. German lang. press.</subfield></datafield><datafield ind1=" " ind2=" " tag="588"><subfield code="a">Description based on: Libanon Bd. 2, nr. 44 (Feb. 8, 1833).</subfield></datafield><datafield ind1=" " ind2="0" tag="650"><subfield code="a">German Americans</subfield><subfield code="z">Pennsylvania</subfield><subfield code="v">Newspapers.</subfield></datafield><datafield ind1=" " ind2="7" tag="655"><subfield code="a">Newspapers.</subfield><subfield code="2">fast</subfield><subfield code="0">(OCoLC)fst01423814</subfield></datafield><datafield ind1=" " ind2="7" tag="650"><subfield code="a">German Americans.</subfield><subfield code="2">fast</subfield><subfield code="0">(OCoLC)fst00941308</subfield></datafield><datafield ind1=" " ind2="7" tag="651"><subfield code="a">Pennsylvania.</subfield><subfield code="2">fast</subfield><subfield code="0">(OCoLC)fst01204598</subfield></datafield><datafield ind1=" " ind2=" " tag="752"><subfield code="a">United States</subfield><subfield code="b">Pennsylvania</subfield><subfield code="c">Lebanon</subfield><subfield code="d">Lebanon.</subfield></datafield><datafield ind1=" " ind2=" " tag="752"><subfield code="a">United States</subfield><subfield code="b">Pennsylvania</subfield><subfield code="c">Dauphin</subfield><subfield code="d">Harrisburg.</subfield></datafield><datafield ind1="1" ind2="0" tag="785"><subfield code="t">Vaterlands Wa&#776;chter und Gegen-Freymaurer Demokrat</subfield></datafield></record>